<record><leader>00000cas a22000007a 4500</leader><controlfield tag="001">10528293</controlfield><controlfield tag="008">840316d18591860orudn ne      0    0eng d</controlfield><datafield ind1=" " ind2=" " tag="010"><subfield code="a">sn 84022672 </subfield></datafield><datafield ind1=" " ind2=" " tag="040"><subfield code="a">NPX</subfield><subfield code="b">eng</subfield><subfield code="c">NPX</subfield><subfield code="d">MGN</subfield><subfield code="d">ORU</subfield><subfield code="d">OCLCQ</subfield><subfield code="d">OCLCA</subfield></datafield><datafield ind1=" " ind2=" " tag="042"><subfield code="a">msc</subfield></datafield><datafield ind1="0" ind2=" " tag="130"><subfield code="a">Daily morning news (Portland, Or.)</subfield></datafield><datafield ind1="1" ind2="4" tag="245"><subfield code="a">The Daily morning news.</subfield></datafield><datafield ind1=" " ind2=" " tag="260"><subfield code="a">Portland [Or.] :</subfield><subfield code="b">W.B. Taylor &amp; Co.</subfield></datafield><datafield ind1=" " ind2=" " tag="300"><subfield code="a">v. ;</subfield><subfield code="c">46 cm.</subfield></datafield><datafield ind1=" " ind2=" " tag="310"><subfield code="a">Daily (except Mon.)</subfield></datafield><datafield ind1="1" ind2=" " tag="362"><subfield code="a">Began Apr. 18, 1859; ceased in 1860.</subfield></datafield><datafield ind1=" " ind2=" " tag="500"><subfield code="a">Editors: E. Shattuck, 1859; W. Carter, 1859; H. Miller, 1860; A. Russell, 1860; F. Kenyon, 1860; G. Porter, 1860; H. Maguire, 1860.</subfield></datafield><datafield ind1=" " ind2=" " tag="500"><subfield code="a">Publishers: S.A. English &amp; Co., 1859; W.B. Taylor &amp; Co., &lt;1860&gt;; Kenyon, Porter &amp; Maguire, 1860.</subfield></datafield><datafield ind1=" " ind2=" " tag="500"><subfield code="a">First daily in Oregon. Cf. Gregory, W. Amer. newspapers.</subfield></datafield><datafield ind1=" " ind2=" " tag="588"><subfield code="a">Description based on: Vol. 2, no. 49 (Feb. 26, 1860).</subfield></datafield><datafield ind1="1" ind2=" " tag="700"><subfield code="a">Shattuck, Erasmus Darwin,</subfield><subfield code="d">1824-1900.</subfield></datafield><datafield ind1="1" ind2=" " tag="700"><subfield code="a">Carter, William Davis,</subfield><subfield code="d">1828-1897.</subfield></datafield><datafield ind1="1" ind2=" " tag="700"><subfield code="a">Miller, Henry.</subfield></datafield><datafield ind1="1" ind2=" " tag="700"><subfield code="a">Russell, A. C.</subfield></datafield><datafield ind1="1" ind2=" " tag="700"><subfield code="a">Kenyon, Frank.</subfield></datafield><datafield ind1="1" ind2=" " tag="700"><subfield code="a">Porter, George H.</subfield></datafield><datafield ind1="1" ind2=" " tag="700"><subfield code="a">Maguire, H. N.</subfield><subfield code="q">(Horatio Nelson),</subfield><subfield code="d">-1903.</subfield></datafield><datafield ind1=" " ind2=" " tag="752"><subfield code="a">United States</subfield><subfield code="b">Oregon</subfield><subfield code="c">Multnomah</subfield><subfield code="d">Portland.</subfield></datafield><datafield ind1="1" ind2=" " tag="029"><subfield code="a">AU@</subfield><subfield code="b">000025817561</subfield></datafield></record>